@book{halliday2016principles,
  title={Principles of Physics Extended, International Student Version},
  author={Halliday, David and Resnick, Robert and Walker, Jearl},
  year={2016},
  publisher={India: Wiley India Pvt. Ltd}
}
@book{morris2012measurement,
  title={Measurement and instrumentation: theory and application},
  author={Morris, Alan S and Langari, Reza},
  year={2012},
  publisher={Academic Press}
}

@article{monteiro2015atwood,
  title={The Atwood machine revisited using smartphones},
  author={Monteiro, Mart{\'\i}n and Stari, Cecilia and Cabeza, Cecilia and Marti, Arturo C},
  journal={The Physics Teacher},
  volume={53},
  number={6},
  pages={373--374},
  year={2015},
  publisher={American Association of Physics Teachers}
}

